<record><leader>00000cas a22000007a 4500</leader><controlfield tag="001">17559565</controlfield><controlfield tag="008">880301d18461846nyudn ne      0    0eng d</controlfield><datafield ind1=" " ind2=" " tag="010"><subfield code="a">sn 88075667 </subfield></datafield><datafield ind1=" " ind2=" " tag="040"><subfield code="a">NYG</subfield><subfield code="b">eng</subfield><subfield code="c">NYG</subfield><subfield code="d">NYS</subfield><subfield code="d">OCL</subfield><subfield code="d">OCLCQ</subfield><subfield code="d">OCLCF</subfield><subfield code="d">OCLCO</subfield><subfield code="d">CRL</subfield></datafield><datafield ind1=" " ind2=" " tag="042"><subfield code="a">msc</subfield></datafield><datafield ind1=" " ind2=" " tag="043"><subfield code="a">n-us-ny</subfield></datafield><datafield ind1="0" ind2="0" tag="245"><subfield code="a">Daily courier and pilot.</subfield></datafield><datafield ind1="3" ind2="0" tag="246"><subfield code="a">Courier and pilot</subfield></datafield><datafield ind1=" " ind2=" " tag="260"><subfield code="a">Buffalo [N.Y.] :</subfield><subfield code="b">Stringham, Manchester and Brayman</subfield></datafield><datafield ind1=" " ind2=" " tag="300"><subfield code="a">v.</subfield></datafield><datafield ind1=" " ind2=" " tag="310"><subfield code="a">Daily (except Sunday)</subfield></datafield><datafield ind1="0" ind2=" " tag="362"><subfield code="a">Vol. 1, no. 1 (July 2, 1846)-v. 1, no. 127 (Nov. 30, 1846).</subfield></datafield><datafield ind1=" " ind2=" " tag="530"><subfield code="a">Also available on microfilm from Buffalo and Erie County Historical Society.</subfield></datafield><datafield ind1=" " ind2=" " tag="580"><subfield code="a">Formed by the union of Weekly courier and pilot, Buffalo courier (Buffalo, N.Y. : 1845), and: Daily national pilot.</subfield></datafield><datafield ind1=" " ind2="0" tag="651"><subfield code="a">Buffalo (N.Y.)</subfield><subfield code="v">Newspapers.</subfield></datafield><datafield ind1=" " ind2="0" tag="651"><subfield code="a">Erie County (N.Y.)</subfield><subfield code="v">Newspapers.</subfield></datafield><datafield ind1=" " ind2="7" tag="651"><subfield code="a">New York (State)</subfield><subfield code="z">Buffalo.</subfield><subfield code="2">fast</subfield><subfield code="0">(OCoLC)fst01205730</subfield></datafield><datafield ind1=" " ind2="7" tag="651"><subfield code="a">New York (State)</subfield><subfield code="z">Erie County.</subfield><subfield code="2">fast</subfield><subfield code="0">(OCoLC)fst01202692</subfield></datafield><datafield ind1=" " ind2="7" tag="655"><subfield code="a">Newspapers.</subfield><subfield code="2">fast</subfield><subfield code="0">(OCoLC)fst01423814</subfield></datafield><datafield ind1=" " ind2=" " tag="752"><subfield code="a">United States</subfield><subfield code="b">New York</subfield><subfield code="c">Erie</subfield><subfield code="d">Buffalo.</subfield></datafield><datafield ind1="0" ind2=" " tag="775"><subfield code="t">Weekly courier and pilot</subfield><subfield code="w">(DLC)sn 84024288</subfield><subfield code="w">(OCoLC)11085287</subfield></datafield><datafield ind1="0" ind2="4" tag="780"><subfield code="t">Buffalo courier (Buffalo, N.Y. : 1845)</subfield><subfield code="w">(DLC)sn 88075666</subfield><subfield code="w">(OCoLC)17559535</subfield></datafield><datafield ind1="0" ind2="4" tag="780"><subfield code="t">Weekly economist</subfield><subfield code="w">(DLC)sn 87070066</subfield><subfield code="w">(OCoLC)15799827</subfield></datafield><datafield ind1="0" ind2="4" tag="780"><subfield code="t">Daily national pilot</subfield><subfield code="w">(DLC)sn 85026056</subfield><subfield code="w">(OCoLC)12014289</subfield></datafield><datafield ind1="0" ind2="0" tag="785"><subfield code="t">Buffalo daily courier</subfield><subfield code="w">(DLC)sn 83030930</subfield><subfield code="w">(OCoLC)9715009</subfield></datafield><datafield ind1="1" ind2=" " tag="029"><subfield code="a">AU@</subfield><subfield code="b">000020120825</subfield></datafield></record>